<record><leader>00000cas a22000007a 4500</leader><controlfield tag="001">13864486</controlfield><controlfield tag="008">860714d18821uuutxuwr ne      0    0eng d</controlfield><datafield ind1=" " ind2=" " tag="010"><subfield code="a">sn 86088226 </subfield></datafield><datafield ind1=" " ind2=" " tag="040"><subfield code="a">PPM</subfield><subfield code="b">eng</subfield><subfield code="c">PPM</subfield><subfield code="d">OCLCQ</subfield></datafield><datafield ind1=" " ind2=" " tag="042"><subfield code="a">msc</subfield></datafield><datafield ind1="0" ind2="0" tag="245"><subfield code="a">Alvarado weekly bulletin.</subfield></datafield><datafield ind1="1" ind2="3" tag="246"><subfield code="a">Weekly bulletin</subfield></datafield><datafield ind1=" " ind2=" " tag="260"><subfield code="a">Alvarado, Tex. :</subfield><subfield code="b">Fahm &amp; Hudson,</subfield><subfield code="c">1882-</subfield></datafield><datafield ind1=" " ind2=" " tag="300"><subfield code="a">v.</subfield></datafield><datafield ind1=" " ind2=" " tag="310"><subfield code="a">Weekly</subfield></datafield><datafield ind1="0" ind2=" " tag="362"><subfield code="a">Vol. 2, no. 51 (July 28, 1882)-</subfield></datafield><datafield ind1=" " ind2=" " tag="500"><subfield code="a">Later published by F.B. Baillio.</subfield></datafield><datafield ind1=" " ind2=" " tag="752"><subfield code="a">United States</subfield><subfield code="b">Texas</subfield><subfield code="c">Johnson</subfield><subfield code="d">Alvarado.</subfield></datafield><datafield ind1="0" ind2="0" tag="780"><subfield code="t">Alvarado bulletin</subfield><subfield code="w">(OCoLC)16654357</subfield></datafield></record>